%% This BibTeX bibliography file was created using BibDesk.
%% https://bibdesk.sourceforge.io/

%% Created for Haotian Liu at 2018-11-09 19:24:59 +0800


%% Saved with string encoding Unicode (UTF-8)



@misc{zhengtai,
	Date-Added = {2018-11-09 11:12:53 +0000},
	Date-Modified = {2018-11-09 11:24:23 +0000},
	Howpublished = {https://baike.baidu.com/item/正态性检验/2660263?fr=aladdin},
	Lastchecked = {2018-11-09},
	Title = {正态性检验 - 百度百科},
	Urldate = {2018-11-09},
	Year = {2018},
	Bdsk-Url-1 = {https://baike.baidu.com/item/%E6%AD%A3%E6%80%81%E6%80%A7%E6%A3%80%E9%AA%8C/2660263?fr=aladdin}}

@article{张林泉2014多独立样本,
  title={多独立样本 Kruskal-Wallis 检验的原理及其实证分析},
  author={张林泉},
  journal={苏州科技学院学报: 自然科学版},
  volume={31},
  number={1},
  pages={14--16},
  year={2014}
}

@misc{anova,
	title={方差分析课件:lec3-ANOVA},
	author={朱文武},
	year={2018}
}

@misc{hypotest,
	title={假设检验课件:lec2-HypothesisTesting},
	author={朱文武},
	year={2018}
}

@article{施朝健2005logistic,
  title={Logistic 回归模型分析 \_ 施朝健},
  author={施朝健 and 张明铭},
  journal={计算机辅助工程},
  volume={14},
  number={3},
  year={2005}
}
